<record>
  <leader>03254cfm a2200625Ma 4500</leader>
  <controlfield tag="001">3401134</controlfield>
  <controlfield tag="003">OLE</controlfield>
  <controlfield tag="005">20180216105711.0</controlfield>
  <controlfield tag="006">m    go  c        </controlfield>
  <controlfield tag="007">aj canzn</controlfield>
  <controlfield tag="007">cr cn||||||aap</controlfield>
  <controlfield tag="007">cr cn||||||aba</controlfield>
  <controlfield tag="008">030106s1957    xx        a   o 0 e eng d</controlfield>
  <datafield tag="040" ind1=" " ind2=" ">
   <subfield code="a">CGU</subfield>
   <subfield code="b">eng</subfield>
   <subfield code="c">CGU</subfield>
   <subfield code="d">OCLCQ</subfield>
   <subfield code="d">CGU</subfield>
   <subfield code="d">OCLCA</subfield>
   <subfield code="d">CGU</subfield>
   <subfield code="d">OCLCQ</subfield>
   <subfield code="d">CGU</subfield>
   <subfield code="d">OCLCQ</subfield>
   <subfield code="d">CGU</subfield>
   <subfield code="d">OCLCO</subfield>
   <subfield code="d">OCLCF</subfield>
   <subfield code="d">OCLCA</subfield>
   <subfield code="d">OCLCQ</subfield>
   <subfield code="d">OCLCO</subfield>
   <subfield code="d">OCL</subfield>
   <subfield code="d">OCLCO</subfield>
   <subfield code="d">OCLCQ</subfield>
   <subfield code="d">OCLCO</subfield>
   <subfield code="d">CGU</subfield>
  </datafield>
  <datafield tag="034" ind1="1" ind2=" ">
   <subfield code="a">a</subfield>
   <subfield code="b">5800</subfield>
   <subfield code="d">W0873625</subfield>
   <subfield code="e">W0873445</subfield>
   <subfield code="f">N0414836</subfield>
   <subfield code="g">N0414712</subfield>
  </datafield>
  <datafield tag="035" ind1=" " ind2=" ">
   <subfield code="a">(OCoLC)54383596</subfield>
  </datafield>
  <datafield tag="042" ind1=" " ind2=" ">
   <subfield code="a">dlr</subfield>
  </datafield>
  <datafield tag="043" ind1=" " ind2=" ">
   <subfield code="a">n-us-il</subfield>
  </datafield>
  <datafield tag="045" ind1="2" ind2=" ">
   <subfield code="b">d1950</subfield>
   <subfield code="b">d1956</subfield>
  </datafield>
  <datafield tag="050" ind1=" " ind2="4">
   <subfield code="a">G4104.C6:2H9E1 1956</subfield>
   <subfield code="b">.T3</subfield>
  </datafield>
  <datafield tag="052" ind1=" " ind2=" ">
   <subfield code="a">4104</subfield>
   <subfield code="b">C6:2H9</subfield>
  </datafield>
  <datafield tag="072" ind1=" " ind2="7">
   <subfield code="a">E1</subfield>
   <subfield code="2">lcg</subfield>
  </datafield>
  <datafield tag="049" ind1=" " ind2=" ">
   <subfield code="a">CGUA</subfield>
  </datafield>
  <datafield tag="100" ind1="1" ind2=" ">
   <subfield code="a">Tax, Sol,</subfield>
   <subfield code="d">1907-1995.</subfield>
  </datafield>
  <datafield tag="245" ind1="1" ind2="0">
   <subfield code="a">[Map showing change in white and non-white population in Hyde Park, 1950-1956] /</subfield>
   <subfield code="c">map prepared by Sol Tax for paper on problems of the local community, given Feb. 4, 1957 ; data from urban renewal survey, N.O.R.C., &amp; Chic. Community Inventory.</subfield>
  </datafield>
  <datafield tag="255" ind1=" " ind2=" ">
   <subfield code="a">Scale [ca. 1:5,800]</subfield>
   <subfield code="c">(W 87°36ʹ25ʺ--W 87°34ʹ45ʺ/N 41°48ʹ36ʺ--N 41°47ʹ12ʺ).</subfield>
  </datafield>
  <datafield tag="260" ind1=" " ind2=" ">
   <subfield code="c">[1957?]</subfield>
  </datafield>
  <datafield tag="300" ind1=" " ind2=" ">
   <subfield code="a">1 online resource (1 map) :</subfield>
   <subfield code="b">ms., color</subfield>
  </datafield>
  <datafield tag="336" ind1=" " ind2=" ">
   <subfield code="a">cartographic image</subfield>
   <subfield code="b">cri</subfield>
   <subfield code="2">rdacontent</subfield>
  </datafield>
  <datafield tag="337" ind1=" " ind2=" ">
   <subfield code="a">computer</subfield>
   <subfield code="b">c</subfield>
   <subfield code="2">rdamedia</subfield>
  </datafield>
  <datafield tag="338" ind1=" " ind2=" ">
   <subfield code="a">online resource</subfield>
   <subfield code="b">cr</subfield>
   <subfield code="2">rdacarrier</subfield>
  </datafield>
  <datafield tag="500" ind1=" " ind2=" ">
   <subfield code="a">Shows ethnic change by block.</subfield>
  </datafield>
  <datafield tag="506" ind1=" " ind2=" ">
   <subfield code="a">Digital version available with restrictions</subfield>
   <subfield code="f">Unrestricted online access</subfield>
   <subfield code="5">ICU</subfield>
   <subfield code="2">star</subfield>
  </datafield>
  <datafield tag="538" ind1=" " ind2=" ">
   <subfield code="a">Master and use copy. Digital master created according to Benchmark for Faithful Reproductions of Monographs and Serials, Version 1. Digital Library Federation, December 2002.</subfield>
   <subfield code="u">http://www.diglib.org/standards/bmarkfin.htm</subfield>
  </datafield>
  <datafield tag="583" ind1="1" ind2=" ">
   <subfield code="a">digitized</subfield>
   <subfield code="c">2006</subfield>
   <subfield code="h">University of Chicago Library</subfield>
   <subfield code="l">committed to preserve</subfield>
   <subfield code="5">ICU</subfield>
   <subfield code="2">pda</subfield>
  </datafield>
  <datafield tag="533" ind1=" " ind2=" ">
   <subfield code="a">Electronic reproduction.</subfield>
   <subfield code="b">[Chicago] :</subfield>
   <subfield code="c">University of Chicago Library,</subfield>
   <subfield code="d">[2006].</subfield>
   <subfield code="f">(Social scientists map Chicago); (University of Chicago Digital Preservation Collection)</subfield>
   <subfield code="5">ICU</subfield>
  </datafield>
  <datafield tag="650" ind1=" " ind2="0">
   <subfield code="a">Ethnology</subfield>
   <subfield code="z">Illinois</subfield>
   <subfield code="z">Chicago</subfield>
   <subfield code="v">Maps.</subfield>
  </datafield>
  <datafield tag="651" ind1=" " ind2="0">
   <subfield code="a">Hyde Park (Chicago, Ill.)</subfield>
   <subfield code="v">Maps.</subfield>
  </datafield>
  <datafield tag="651" ind1=" " ind2="0">
   <subfield code="a">Kenwood (Chicago, Ill.)</subfield>
   <subfield code="v">Maps.</subfield>
  </datafield>
  <datafield tag="650" ind1=" " ind2="7">
   <subfield code="a">Ethnology.</subfield>
   <subfield code="2">fast</subfield>
   <subfield code="0">(OCoLC)fst00916106</subfield>
  </datafield>
  <datafield tag="651" ind1=" " ind2="7">
   <subfield code="a">Illinois</subfield>
   <subfield code="z">Chicago.</subfield>
   <subfield code="2">fast</subfield>
   <subfield code="0">(OCoLC)fst01204048</subfield>
  </datafield>
  <datafield tag="651" ind1=" " ind2="7">
   <subfield code="a">Illinois</subfield>
   <subfield code="z">Chicago</subfield>
   <subfield code="z">Hyde Park.</subfield>
   <subfield code="2">fast</subfield>
   <subfield code="0">(OCoLC)fst01320103</subfield>
  </datafield>
  <datafield tag="651" ind1=" " ind2="7">
   <subfield code="a">Illinois</subfield>
   <subfield code="z">Chicago</subfield>
   <subfield code="z">Kenwood.</subfield>
   <subfield code="2">fast</subfield>
   <subfield code="0">(OCoLC)fst01323586</subfield>
  </datafield>
  <datafield tag="655" ind1=" " ind2="7">
   <subfield code="a">Manuscript maps.</subfield>
   <subfield code="2">fast</subfield>
   <subfield code="0">(OCoLC)fst01752677</subfield>
  </datafield>
  <datafield tag="655" ind1=" " ind2="7">
   <subfield code="a">Maps.</subfield>
   <subfield code="2">fast</subfield>
   <subfield code="0">(OCoLC)fst01423704</subfield>
  </datafield>
  <datafield tag="655" ind1=" " ind2="7">
   <subfield code="a">Thematic maps.</subfield>
   <subfield code="2">fast</subfield>
   <subfield code="0">(OCoLC)fst01752679</subfield>
  </datafield>
  <datafield tag="655" ind1=" " ind2="7">
   <subfield code="a">Thematic maps.</subfield>
   <subfield code="2">lcgft</subfield>
  </datafield>
  <datafield tag="655" ind1=" " ind2="7">
   <subfield code="a">Manuscript maps.</subfield>
   <subfield code="2">lcgft</subfield>
  </datafield>
  <datafield tag="710" ind1="2" ind2=" ">
   <subfield code="a">National Opinion Research Center.</subfield>
  </datafield>
  <datafield tag="710" ind1="2" ind2=" ">
   <subfield code="a">Chicago Community Inventory.</subfield>
  </datafield>
  <datafield tag="776" ind1="0" ind2="8">
   <subfield code="i">Original paper version:</subfield>
   <subfield code="a">Tax, Sol, 1907-1995.</subfield>
   <subfield code="t">[Map showing change in white and non-white population in Hyde Park, 1950-1956].</subfield>
   <subfield code="d">[1957?]</subfield>
   <subfield code="h">1 map :</subfield>
   <subfield code="b">ms., col. ; 77 x 103 cm.</subfield>
   <subfield code="w">(OCoLC)270973328</subfield>
  </datafield>
  <datafield tag="830" ind1=" " ind2="0">
   <subfield code="a">Social scientists map Chicago.</subfield>
   <subfield code="5">ICU</subfield>
  </datafield>
  <datafield tag="830" ind1=" " ind2="0">
   <subfield code="a">University of Chicago Digital Preservation Collection.</subfield>
   <subfield code="5">ICU</subfield>
  </datafield>
  <datafield tag="856" ind1="4" ind2="0">
   <subfield code="u">http://pi.lib.uchicago.edu/1001/maps/chisoc/G4104-C6-2H9E11-1956-T3</subfield>
  </datafield>
  <datafield tag="928" ind1=" " ind2=" ">
   <subfield code="u">http://pi.lib.uchicago.edu/1001/maps/chisoc/G4104-C6-2H9E11-1956-T3</subfield>
   <subfield code="c">FullText</subfield>
   <subfield code="l">Online</subfield>
   <subfield code="t">LCC</subfield>
   <subfield code="a">G4104.C6:2H9E1 1956 .T3</subfield>
  </datafield>
 </record>