<record>
  <leader>03111cem a2200589Ia 4500</leader>
  <controlfield tag="001">5998122</controlfield>
  <controlfield tag="003">OLE</controlfield>
  <controlfield tag="005">20180216101655.0</controlfield>
  <controlfield tag="006">m    go  c        </controlfield>
  <controlfield tag="007">aj aazba</controlfield>
  <controlfield tag="007">cr cn||||||aap</controlfield>
  <controlfield tag="007">cr cn||||||aba</controlfield>
  <controlfield tag="008">060607s1933    ilu       a   o 0   eng d</controlfield>
  <datafield tag="040" ind1=" " ind2=" ">
   <subfield code="a">CGU</subfield>
   <subfield code="b">eng</subfield>
   <subfield code="c">CGU</subfield>
   <subfield code="d">CGU</subfield>
   <subfield code="d">OCLCQ</subfield>
   <subfield code="d">CGU</subfield>
   <subfield code="d">OCLCQ</subfield>
   <subfield code="d">CGU</subfield>
   <subfield code="d">OCLCF</subfield>
   <subfield code="d">OCLCA</subfield>
   <subfield code="d">OCLCQ</subfield>
   <subfield code="d">OCLCO</subfield>
   <subfield code="d">OCL</subfield>
   <subfield code="d">OCLCQ</subfield>
   <subfield code="d">CGU</subfield>
  </datafield>
  <datafield tag="034" ind1="1" ind2=" ">
   <subfield code="a">a</subfield>
   <subfield code="b">130000</subfield>
   <subfield code="d">W0875104</subfield>
   <subfield code="e">W0873125</subfield>
   <subfield code="f">N0420123</subfield>
   <subfield code="g">N0413839</subfield>
  </datafield>
  <datafield tag="035" ind1=" " ind2=" ">
   <subfield code="a">(OCoLC)70005784</subfield>
  </datafield>
  <datafield tag="042" ind1=" " ind2=" ">
   <subfield code="a">dlr</subfield>
  </datafield>
  <datafield tag="043" ind1=" " ind2=" ">
   <subfield code="a">n-us-il</subfield>
  </datafield>
  <datafield tag="045" ind1="0" ind2=" ">
   <subfield code="b">d1930</subfield>
  </datafield>
  <datafield tag="050" ind1=" " ind2="4">
   <subfield code="a">G4104.C6E625 1930</subfield>
   <subfield code="b">.R4</subfield>
  </datafield>
  <datafield tag="052" ind1=" " ind2=" ">
   <subfield code="a">4104</subfield>
   <subfield code="b">C6</subfield>
  </datafield>
  <datafield tag="072" ind1=" " ind2="7">
   <subfield code="a">E625</subfield>
   <subfield code="2">lcg</subfield>
  </datafield>
  <datafield tag="049" ind1=" " ind2=" ">
   <subfield code="a">CGUA</subfield>
  </datafield>
  <datafield tag="100" ind1="1" ind2=" ">
   <subfield code="a">Reckless, Walter C.,</subfield>
   <subfield code="d">1899-1988.</subfield>
  </datafield>
  <datafield tag="245" ind1="1" ind2="0">
   <subfield code="a">Seventy five local communities in Chicago, distribution of Committee of Fifteen cases for 1930.</subfield>
  </datafield>
  <datafield tag="246" ind1="3" ind2="0">
   <subfield code="a">Distribution of Committee of Fifteen cases for 1930 :</subfield>
   <subfield code="b">[Chicago, Illinois]</subfield>
  </datafield>
  <datafield tag="255" ind1=" " ind2=" ">
   <subfield code="a">Scale [ca. 1:130,000]</subfield>
   <subfield code="c">(W 87°51ʹ04ʺ--W 87°31ʹ25ʺ/N 42°01ʹ23ʺ--N 41°38ʹ39ʺ).</subfield>
  </datafield>
  <datafield tag="260" ind1=" " ind2=" ">
   <subfield code="a">[Chicago] :</subfield>
   <subfield code="b">[University of Chicago Press],</subfield>
   <subfield code="c">[1933]</subfield>
  </datafield>
  <datafield tag="300" ind1=" " ind2=" ">
   <subfield code="a">1 online resource (1 map) :</subfield>
   <subfield code="b">photocopy</subfield>
  </datafield>
  <datafield tag="336" ind1=" " ind2=" ">
   <subfield code="a">cartographic image</subfield>
   <subfield code="b">cri</subfield>
   <subfield code="2">rdacontent</subfield>
  </datafield>
  <datafield tag="337" ind1=" " ind2=" ">
   <subfield code="a">computer</subfield>
   <subfield code="b">c</subfield>
   <subfield code="2">rdamedia</subfield>
  </datafield>
  <datafield tag="338" ind1=" " ind2=" ">
   <subfield code="a">online resource</subfield>
   <subfield code="b">cr</subfield>
   <subfield code="2">rdacarrier</subfield>
  </datafield>
  <datafield tag="500" ind1=" " ind2=" ">
   <subfield code="a">"Map 1."</subfield>
  </datafield>
  <datafield tag="500" ind1=" " ind2=" ">
   <subfield code="a">"M.S."--Lower left hand corner.</subfield>
  </datafield>
  <datafield tag="500" ind1=" " ind2=" ">
   <subfield code="a">Enlarged photocopy. Scale of original map: [ca. 1:280,000]. Size of original map: 18 x 12 cm.</subfield>
  </datafield>
  <datafield tag="500" ind1=" " ind2=" ">
   <subfield code="a">Originally published in: Vice in Chicago / Walter C. Reckless. Chicago : University of Chicago Press, ©1933.</subfield>
  </datafield>
  <datafield tag="506" ind1=" " ind2=" ">
   <subfield code="a">Digital version available with restrictions</subfield>
   <subfield code="f">Unrestricted online access</subfield>
   <subfield code="5">ICU</subfield>
   <subfield code="2">star</subfield>
  </datafield>
  <datafield tag="538" ind1=" " ind2=" ">
   <subfield code="a">Master and use copy. Digital master created according to Benchmark for Faithful Reproductions of Monographs and Serials, Version 1. Digital Library Federation, December 2002.</subfield>
   <subfield code="u">http://www.diglib.org/standards/bmarkfin.htm</subfield>
  </datafield>
  <datafield tag="583" ind1="1" ind2=" ">
   <subfield code="a">digitized</subfield>
   <subfield code="c">2006</subfield>
   <subfield code="h">University of Chicago Library</subfield>
   <subfield code="l">committed to preserve</subfield>
   <subfield code="5">ICU</subfield>
   <subfield code="2">pda</subfield>
  </datafield>
  <datafield tag="533" ind1=" " ind2=" ">
   <subfield code="a">Electronic reproduction.</subfield>
   <subfield code="b">[Chicago] :</subfield>
   <subfield code="c">University of Chicago Library,</subfield>
   <subfield code="d">[2006].</subfield>
   <subfield code="f">(Social scientists map Chicago); (University of Chicago Digital Preservation Collection)</subfield>
   <subfield code="5">ICU</subfield>
  </datafield>
  <datafield tag="650" ind1=" " ind2="0">
   <subfield code="a">Prostitution</subfield>
   <subfield code="z">Illinois</subfield>
   <subfield code="z">Chicago</subfield>
   <subfield code="v">Maps.</subfield>
  </datafield>
  <datafield tag="650" ind1=" " ind2="7">
   <subfield code="a">Prostitution.</subfield>
   <subfield code="2">fast</subfield>
   <subfield code="0">(OCoLC)fst01079562</subfield>
  </datafield>
  <datafield tag="651" ind1=" " ind2="7">
   <subfield code="a">Illinois</subfield>
   <subfield code="z">Chicago.</subfield>
   <subfield code="2">fast</subfield>
   <subfield code="0">(OCoLC)fst01204048</subfield>
  </datafield>
  <datafield tag="655" ind1=" " ind2="7">
   <subfield code="a">Thematic maps.</subfield>
   <subfield code="2">fast</subfield>
   <subfield code="0">(OCoLC)fst01752679</subfield>
  </datafield>
  <datafield tag="655" ind1=" " ind2="7">
   <subfield code="a">Maps.</subfield>
   <subfield code="2">fast</subfield>
   <subfield code="0">(OCoLC)fst01423704</subfield>
  </datafield>
  <datafield tag="655" ind1=" " ind2="7">
   <subfield code="a">Thematic maps.</subfield>
   <subfield code="2">lcgft</subfield>
  </datafield>
  <datafield tag="776" ind1="0" ind2="8">
   <subfield code="i">Original paper version:</subfield>
   <subfield code="a">Reckless, Walter Cade.</subfield>
   <subfield code="t">Seventy five local communities in Chicago, distribution of Committee of Fifteen cases for 1930.</subfield>
   <subfield code="d">[Chicago : University of Chicago Press, 1933]</subfield>
   <subfield code="h">1 map : photocopy ; 36 x 25 cm.</subfield>
   <subfield code="w">(OCoLC)270743516</subfield>
  </datafield>
  <datafield tag="830" ind1=" " ind2="0">
   <subfield code="a">Social scientists map Chicago.</subfield>
   <subfield code="5">ICU</subfield>
  </datafield>
  <datafield tag="830" ind1=" " ind2="0">
   <subfield code="a">University of Chicago Digital Preservation Collection.</subfield>
   <subfield code="5">ICU</subfield>
  </datafield>
  <datafield tag="856" ind1="4" ind2="0">
   <subfield code="u">http://pi.lib.uchicago.edu/1001/maps/chisoc/G4104-C6E625-1930-R4</subfield>
  </datafield>
  <datafield tag="903" ind1=" " ind2=" ">
   <subfield code="a">UCPress</subfield>
  </datafield>
  <datafield tag="928" ind1=" " ind2=" ">
   <subfield code="u">http://pi.lib.uchicago.edu/1001/maps/chisoc/G4104-C6E625-1930-R4</subfield>
   <subfield code="c">FullText</subfield>
   <subfield code="l">Online</subfield>
   <subfield code="t">LCC</subfield>
   <subfield code="a">G4104.C6E625 1930 .R4</subfield>
  </datafield>
 </record>