<record>
  <leader>02668cem a2200493Ia 4500</leader>
  <controlfield tag="001">5043062</controlfield>
  <controlfield tag="003">OLE</controlfield>
  <controlfield tag="005">20180215103021.0</controlfield>
  <controlfield tag="006">m    go  c        </controlfield>
  <controlfield tag="007">aj aazaa</controlfield>
  <controlfield tag="007">cr cn||||||aap</controlfield>
  <controlfield tag="007">cr cn||||||aba</controlfield>
  <controlfield tag="008">040114s192u    ilu       a   o 0   eng d</controlfield>
  <datafield tag="040" ind1=" " ind2=" ">
   <subfield code="a">CGU</subfield>
   <subfield code="b">eng</subfield>
   <subfield code="c">CGU</subfield>
   <subfield code="d">OCLCQ</subfield>
   <subfield code="d">CGU</subfield>
   <subfield code="d">OCLCQ</subfield>
   <subfield code="d">CGU</subfield>
   <subfield code="d">OCLCQ</subfield>
   <subfield code="d">OCLCA</subfield>
   <subfield code="d">CGU</subfield>
   <subfield code="d">OCLCQ</subfield>
   <subfield code="d">OCLCF</subfield>
   <subfield code="d">OCLCQ</subfield>
   <subfield code="d">OCLCO</subfield>
   <subfield code="d">CGU</subfield>
  </datafield>
  <datafield tag="034" ind1="1" ind2=" ">
   <subfield code="a">a</subfield>
   <subfield code="b">8000</subfield>
   <subfield code="d">W0874128</subfield>
   <subfield code="e">W0873754</subfield>
   <subfield code="f">N0415146</subfield>
   <subfield code="g">N0415006</subfield>
  </datafield>
  <datafield tag="035" ind1=" " ind2=" ">
   <subfield code="a">(OCoLC)54383815</subfield>
  </datafield>
  <datafield tag="042" ind1=" " ind2=" ">
   <subfield code="a">dlr</subfield>
  </datafield>
  <datafield tag="043" ind1=" " ind2=" ">
   <subfield code="a">n-us-il</subfield>
  </datafield>
  <datafield tag="050" ind1=" " ind2="4">
   <subfield code="a">G4104.C6:2L9 1920z</subfield>
   <subfield code="b">.U5</subfield>
  </datafield>
  <datafield tag="052" ind1=" " ind2=" ">
   <subfield code="a">4104</subfield>
   <subfield code="b">C6:2L9</subfield>
  </datafield>
  <datafield tag="049" ind1=" " ind2=" ">
   <subfield code="a">CGUA</subfield>
  </datafield>
  <datafield tag="110" ind1="2" ind2=" ">
   <subfield code="a">University of Chicago.</subfield>
   <subfield code="b">Department of Sociology.</subfield>
  </datafield>
  <datafield tag="245" ind1="1" ind2="0">
   <subfield code="a">Pilsen and adjoining neighborhoods /</subfield>
   <subfield code="c">prepared by the Department of Sociology, the University of Chicago ; G.W.W.</subfield>
  </datafield>
  <datafield tag="255" ind1=" " ind2=" ">
   <subfield code="a">Scale [ca. 1:8,000]</subfield>
   <subfield code="c">(W 87°41ʹ28ʺ--W 87°37ʹ54ʺ/N 41°51ʹ46ʺ--N 41°50ʹ06ʺ).</subfield>
  </datafield>
  <datafield tag="260" ind1=" " ind2=" ">
   <subfield code="a">[Chicago] :</subfield>
   <subfield code="b">[Dept. of Sociology],</subfield>
   <subfield code="c">[192-?]</subfield>
  </datafield>
  <datafield tag="300" ind1=" " ind2=" ">
   <subfield code="a">1 online resource (1 map) :</subfield>
   <subfield code="b">photocopy</subfield>
  </datafield>
  <datafield tag="336" ind1=" " ind2=" ">
   <subfield code="a">cartographic image</subfield>
   <subfield code="b">cri</subfield>
   <subfield code="2">rdacontent</subfield>
  </datafield>
  <datafield tag="337" ind1=" " ind2=" ">
   <subfield code="a">computer</subfield>
   <subfield code="b">c</subfield>
   <subfield code="2">rdamedia</subfield>
  </datafield>
  <datafield tag="338" ind1=" " ind2=" ">
   <subfield code="a">online resource</subfield>
   <subfield code="b">cr</subfield>
   <subfield code="2">rdacarrier</subfield>
  </datafield>
  <datafield tag="500" ind1=" " ind2=" ">
   <subfield code="a">Blue line print.</subfield>
  </datafield>
  <datafield tag="500" ind1=" " ind2=" ">
   <subfield code="a">Shows residential area, vacant area, commercial frontage, railroad property, and transit lines.</subfield>
  </datafield>
  <datafield tag="506" ind1=" " ind2=" ">
   <subfield code="a">Digital version available with restrictions</subfield>
   <subfield code="f">Unrestricted online access</subfield>
   <subfield code="5">ICU</subfield>
   <subfield code="2">star</subfield>
  </datafield>
  <datafield tag="538" ind1=" " ind2=" ">
   <subfield code="a">Master and use copy. Digital master created according to Benchmark for Faithful Reproductions of Monographs and Serials, Version 1. Digital Library Federation, December 2002.</subfield>
   <subfield code="u">http://www.diglib.org/standards/bmarkfin.htm</subfield>
  </datafield>
  <datafield tag="583" ind1="1" ind2=" ">
   <subfield code="a">digitized</subfield>
   <subfield code="c">2006</subfield>
   <subfield code="h">University of Chicago Library</subfield>
   <subfield code="l">committed to preserve</subfield>
   <subfield code="5">ICU</subfield>
   <subfield code="2">pda</subfield>
  </datafield>
  <datafield tag="533" ind1=" " ind2=" ">
   <subfield code="a">Electronic reproduction.</subfield>
   <subfield code="b">[Chicago] :</subfield>
   <subfield code="c">University of Chicago Library,</subfield>
   <subfield code="d">[2006].</subfield>
   <subfield code="f">(Social scientists map Chicago); (University of Chicago Digital Preservation Collection)</subfield>
   <subfield code="5">ICU</subfield>
  </datafield>
  <datafield tag="651" ind1=" " ind2="0">
   <subfield code="a">Lower West Side (Chicago, Ill.)</subfield>
   <subfield code="v">Maps.</subfield>
  </datafield>
  <datafield tag="651" ind1=" " ind2="7">
   <subfield code="a">Illinois</subfield>
   <subfield code="z">Chicago</subfield>
   <subfield code="z">Lower West Side.</subfield>
   <subfield code="2">fast</subfield>
   <subfield code="0">(OCoLC)fst01926123</subfield>
  </datafield>
  <datafield tag="655" ind1=" " ind2="7">
   <subfield code="a">Maps.</subfield>
   <subfield code="2">fast</subfield>
   <subfield code="0">(OCoLC)fst01423704</subfield>
  </datafield>
  <datafield tag="655" ind1=" " ind2="7">
   <subfield code="a">Maps.</subfield>
   <subfield code="2">lcgft</subfield>
  </datafield>
  <datafield tag="776" ind1="0" ind2="8">
   <subfield code="i">Original print version:</subfield>
   <subfield code="a">University of Chicago. Department of Sociology.</subfield>
   <subfield code="t">Pilsen and adjoining neighborhoods.</subfield>
   <subfield code="d">[Chicago : Dept. of Sociology, 192-?]</subfield>
   <subfield code="h">1 map : photocopy ; 44 x 68 cm.</subfield>
   <subfield code="w">(OCoLC)269782541</subfield>
  </datafield>
  <datafield tag="830" ind1=" " ind2="0">
   <subfield code="a">Social scientists map Chicago.</subfield>
   <subfield code="5">ICU</subfield>
  </datafield>
  <datafield tag="830" ind1=" " ind2="0">
   <subfield code="a">University of Chicago Digital Preservation Collection.</subfield>
   <subfield code="5">ICU</subfield>
  </datafield>
  <datafield tag="856" ind1="4" ind2="0">
   <subfield code="u">http://pi.lib.uchicago.edu/1001/maps/chisoc/G4104-C6-2L9-1920z-U5</subfield>
  </datafield>
  <datafield tag="928" ind1=" " ind2=" ">
   <subfield code="u">http://pi.lib.uchicago.edu/1001/maps/chisoc/G4104-C6-2L9-1920z-U5</subfield>
   <subfield code="c">FullText</subfield>
   <subfield code="l">Online</subfield>
   <subfield code="t">LCC</subfield>
   <subfield code="a">G4104.C6:2L9 1920z .U5</subfield>
  </datafield>
 </record>